@article{Crisan, 
	title={The stochastic filtering problem: a brief historical account}, volume={51},
	DOI={10.1239/jap/1417528463}, 
	number={A},
	journal={Journal of Applied Probability}, 
	publisher={Cambridge University Press}, 
	author={Crisan, Dan}, year={2014}, 
	pages={13–22}}
@inbook{Sarka,
	author	= "Simo Sarka",
	title	= "Bayesian Filtering and Smoothing",
	publisher= "Cambridge University Press",
	year	= "2013",
}
@inbook{Thrun,
	author	= "Sebastian Thrun, Dieter Fox, Wolfram Burgard",
	title	= "Probabilistic Robotics",
	year	= "1999",
}
@ARTICLE{Arasaratnam,
	author={Arasaratnam, Ienkaran and Haykin, Simon and Elliott, Robert J.},
	journal={Proceedings of the IEEE}, 
	title={Discrete-Time Nonlinear Filtering Algorithms Using Gauss–Hermite Quadrature}, 
	year={2007},
	volume={95},
	number={5},
	pages={953-977},
	doi={10.1109/JPROC.2007.894705}
}
@article{Liu,
	author = {Liu, Xiaohan and Wen, Chenglin and Sun, Xiaohui},
	year = {2022},
	month = {01},
	pages = {653},
	title = {Design Method of High-Order Kalman Filter for Strong Nonlinear System Based on Kronecker Product Transform},
	volume = {22},
	journal = {Sensors},
	doi = {10.3390/s22020653}
}
@ARTICLE{Germani,
	author={Germani, A. and Manes, C. and Palumbo, P.},
	journal={IEEE Transactions on Automatic Control}, 
	title={Polynomial extended Kalman filter}, 
	year={2005},
	volume={50},	
	number={12},	
	pages={2059-2064},
	doi={10.1109/TAC.2005.860256}
}
